@online{overleaf,
title={Редактор текста Overleaf},
url={https://www.overleaf.com/},
urldate={2022-11-21}
}
@online{overleaf-tables,
title={Гайд по таблицам},
url={https://www.overleaf.com/learn/latex/Tables#Reference_guide},
urldate={2022-11-21}
}
@online{overleaf-xelatex,
title={XeLaTeX и Overleaf},
url={https://www.overleaf.com/learn/latex/XeLaTeX},
urldate={2022-11-21}
}